%% This BibTeX bibliography file was created using BibDesk.
%% https://bibdesk.sourceforge.io/

%% Created for Sheng Yuan at 2018-08-29 16:15:46 +1000 


%% Saved with string encoding Unicode (UTF-8) 



@article{JT,
	Author = {Jalaj Thanaki},
	Date-Added = {2018-08-29 16:13:46 +1000},
	Date-Modified = {2018-08-29 16:15:36 +1000},
	Journal = {Birmingham, UK: Packt Publishing},
	Title = {Python natural language processing: Explore NLP with machine learning and deep learning techniques.},
	Year = {2017}}
