%% This BibTeX bibliography file was created using BibDesk.
%% https://bibdesk.sourceforge.io/

%% Created for Sheng Yuan at 2018-08-28 19:08:20 +1000 


%% Saved with string encoding Unicode (UTF-8) 



@article{cogburn2017introduction,
	Author = {Cogburn, Derrick and Hine, Mike},
	Date-Added = {2018-08-28 19:05:43 +1000},
	Date-Modified = {2018-08-28 19:08:09 +1000},
	Title = {Introduction to Text Mining in Big Data Analytics Minitrack},
	Year = {2017}}

@url{royalcommission,
	Date-Added = {2018-08-28 19:02:59 +1000},
	Date-Modified = {2018-08-28 19:05:24 +1000},
	Lastchecked = {2018/8/27},
	Author = {RoyalCommission},
	Title = {Royal Commission into Misconduct in the Banking, Superannuation and Financial Services Industry},
	Url = {https://financialservices.royalcommission.gov.au/Pages/default.aspx},
	Year={2017}}

@url{3benefit,
	Date-Added = {2018-08-28 18:54:49 +1000},
	Date-Modified = {2018-08-28 19:02:01 +1000},
	Lastchecked = {2018/8/27},
	Author = {RightsDirect},
	Title = {3 Reasons to Consider Text Mining},
	Url = {https://www.rightsdirect.com/3-reasons-consider-text-mining-4/},
	Year = {2018}}

@article{allahyari2017brief,
  title={A brief survey of text mining: Classification, clustering and extraction techniques},
  author={Allahyari, Mehdi and Pouriyeh, Seyedamin and Assefi, Mehdi and Safaei, Saied and Trippe, Elizabeth D and Gutierrez, Juan B and Kochut, Krys},
  journal={arXiv preprint arXiv:1707.02919},
  year={2017}
}


@article{vincent2010stacked,
  title={Stacked denoising autoencoders: Learning useful representations in a deep network with a local denoising criterion},
  author={Vincent, Pascal and Larochelle, Hugo and Lajoie, Isabelle and Bengio, Yoshua and Manzagol, Pierre-Antoine},
  journal={Journal of machine learning research},
  volume={11},
  number={Dec},
  pages={3371--3408},
  year={2010}
}

@inproceedings{xie2016unsupervised,
  title={Unsupervised deep embedding for clustering analysis},
  author={Xie, Junyuan and Girshick, Ross and Farhadi, Ali},
  booktitle={International conference on machine learning},
  pages={478--487},
  year={2016}
}

@inproceedings{tian2017deepcluster,
  title={DeepCluster: A General Clustering Framework Based on Deep Learning},
  author={Tian, Kai and Zhou, Shuigeng and Guan, Jihong},
  booktitle={Joint European Conference on Machine Learning and Knowledge Discovery in Databases},
  pages={809--825},
  year={2017},
  organization={Springer}
}

@incollection{steinbach2004challenges,
  title={The challenges of clustering high dimensional data},
  author={Steinbach, Michael and Ert{\"o}z, Levent and Kumar, Vipin},
  booktitle={New directions in statistical physics},
  pages={273--309},
  year={2004},
  publisher={Springer}
}

@inproceedings{le2013building,
  title={Building high-level features using large scale unsupervised learning},
  author={Le, Quoc V},
  booktitle={Acoustics, Speech and Signal Processing (ICASSP), 2013 IEEE International Conference on},
  pages={8595--8598},
  year={2013},
  organization={IEEE}
}

@inproceedings{bengio2007greedy,
  title={Greedy layer-wise training of deep networks},
  author={Bengio, Yoshua and Lamblin, Pascal and Popovici, Dan and Larochelle, Hugo},
  booktitle={Advances in neural information processing systems},
  pages={153--160},
  year={2007}
}

@article{liang2017text,
  title={Text feature extraction based on deep learning: a review},
  author={Liang, Hong and Sun, Xiao and Sun, Yunlei and Gao, Yuan},
  journal={EURASIP journal on wireless communications and networking},
  volume={2017},
  number={1},
  pages={211},
  year={2017},
  publisher={Nature Publishing Group}
}
@inproceedings{shah2016review,
  title={A review on feature selection and feature extraction for text classification},
  author={Shah, Foram P and Patel, Vibha},
  booktitle={Wireless Communications, Signal Processing and Networking (WiSPNET), International Conference on},
  pages={2264--2268},
  year={2016},
  organization={IEEE}
}
@misc{oshri2016there,
  title={There and Back Again: Autoencoders for Textual Reconstruction},
  author={Oshri, Barak and Khandwala, Nishith},
  year={2016},
  publisher={Stanford CS224D Final Project}
}
@incollection{kennedy2011particle,
  title={Particle swarm optimization},
  author={Kennedy, James},
  booktitle={Encyclopedia of machine learning},
  pages={760--766},
  year={2011},
  publisher={Springer}
}
@inproceedings{kennedy1997discrete,
  title={A discrete binary version of the particle swarm algorithm},
  author={Kennedy, James and Eberhart, Russell C},
  booktitle={Systems, Man, and Cybernetics, 1997. Computational Cybernetics and Simulation., 1997 IEEE International Conference on},
  volume={5},
  pages={4104--4108},
  year={1997},
  organization={IEEE}
}
@article{kushwaha2018link,
  title={Link based BPSO for feature selection in big data text clustering},
  author={Kushwaha, Neetu and Pant, Millie},
  journal={Future Generation Computer Systems},
  volume={82},
  pages={190--199},
  year={2018},
  publisher={Elsevier}
}
@article{barabasi2000scale,
  title={Scale-free characteristics of random networks: the topology of the world-wide web},
  author={Barab{\'a}si, Albert-L{\'a}szl{\'o} and Albert, R{\'e}ka and Jeong, Hawoong},
  journal={Physica A: statistical mechanics and its applications},
  volume={281},
  number={1-4},
  pages={69--77},
  year={2000},
  publisher={Elsevier}
}
@article{bolaji2016comprehensive,
  title={A comprehensive review: Krill Herd algorithm (KH) and its applications},
  author={Bolaji, Asaju Laâ€™aro and Al-Betar, Mohammed Azmi and Awadallah, Mohammed A and Khader, Ahamad Tajudin and Abualigah, Laith Mohammad},
  journal={Applied Soft Computing},
  volume={49},
  pages={437--446},
  year={2016},
  publisher={Elsevier}
}

@article{JT,
	Author = {Jalaj Thanaki},
	Date-Added = {2018-08-29 16:13:46 +1000},
	Date-Modified = {2018-08-29 16:15:36 +1000},
	Journal = {Birmingham, UK: Packt Publishing},
	Title = {Python natural language processing: Explore NLP with machine learning and deep learning techniques.},
	Year = {2017}}
@article{blei2003latent,
  title={Latent dirichlet allocation},
  author={Blei, David M and Ng, Andrew Y and Jordan, Michael I},
  journal={Journal of machine Learning research},
  volume={3},
  number={Jan},
  pages={993--1022},
  year={2003}
}
@inproceedings{barde2017overview,
  title={An overview of topic modeling methods and tools},
  author={Barde, Bhagyashree Vyankatrao and Bainwad, Anant Madhavrao},
  booktitle={Intelligent Computing and Control Systems (ICICCS), 2017 International Conference on},
  pages={745--750},
  year={2017},
  organization={IEEE}
}